@misc{unreal:plugins,
author={Epic Games,},
title={Plugins},
url={https://docs.unrealengine.com/latest/INT/Programming/Plugins/},
urldate={2016-12-7},
journal={Docs.unrealengine.com},
year={2016}
},

@misc{obj,
author={Reddy, Martin},
title={Object Files},
url={http://www.martinreddy.net/gfx/3d/OBJ.spec},
urldate={2016-12-7},
journal={Martinreddy.net}
},

@misc{intelspecs,
url={https://communities.intel.com/docs/DOC-24012},
urldate={2016-12-7},
journal={Intel� RealSense Community},
year={2016}
},

@misc{rgbd_datasets_2016,
url={http://www0.cs.ucl.ac.uk/staff/M.Firman/RGBDdatasets/},
urldate={2016-12-7},
journal={Www0.cs.ucl.ac.uk},
year={2016}
},

@misc{kinectfusion,
url={https://msdn.microsoft.com/en-us/library/dn188670.aspx},
urldate={2016-12-7},
journal={Msdn.microsoft.com},
year={2016}
},

@misc{kinectfusion:specs,
url={https://msdn.microsoft.com/en-us/library/jj131033.aspx},
urldate={2016-12-7},
journal={Msdn.microsoft.com},
year={2016}
},

@ONLINE {IntelSDK,
    author = "Intel Corporation",
    title  = "Intel RealSense SDK 2016 R3 Documentation",
    year   = "2016",
    url    = "https://software.intel.com/sites/landingpage/realsense/camera-sdk/v2016r3/documentation/html/index.html?doc_devguide_introduction.html"
},

@ONLINE {ViveRequirements,
    author = "HTC Corporation",
    title  = "What are the minimum system requirements?",
    url    = "https://www.vive.com/us/support//category_howto/839340.html"
},

@ONLINE {KinectRequirements,
    author = "Microsoft",
    title  = "System Requirements",
    url    = "https://msdn.microsoft.com/en-us/library/dn782036.aspx"
},

@ONLINE {IntelRequirements,
    author = "Intel Corporation",
    title  = "System Requirements for Intel® RealSense™ Camera F200",
    url    = "http://www.intel.com/content/www/us/en/support/emerging-technologies/000006219.html"
}